---
---

@article{Cowan:2010js,
    author = "Cowan, Glen and Cranmer, Kyle and Gross, Eilam and Vitells, Ofer",
    title = "{Asymptotic formulae for likelihood-based tests of new physics}",
    eprint = "1007.1727",
    archivePrefix = "arXiv",
    primaryClass = "physics.data-an",
    doi = "10.1140/epjc/s10052-011-1554-0",
    journal = "Eur. Phys. J. C",
    volume = "71",
    pages = "1554",
    year = "2011",
    note = "[Erratum: Eur.Phys.J.C 73, 2501 (2013)]"
}

@inproceedings{Cranmer:2014lly,
    author = "Cranmer, Kyle",
    title = "{Practical Statistics for the LHC}",
    booktitle = "{2011 European School of High-Energy Physics}",
    eprint = "1503.07622",
    archivePrefix = "arXiv",
    primaryClass = "physics.data-an",
    doi = "10.5170/CERN-2014-003.267",
    pages = "267--308",
    year = "2014"
}

@phdthesis{Stiller:thesis,
author = {Stiller, Caroline},
school = {University of Hohenheim},
year = {2021},
month = {01},
pages = {},
title = {Baseline assessment and effect of a supplementary community-based nutrition intervention study on the prevention/treatment of anemia among young Adivasi children in West Bengal, India}
}

@article{ATLAS:2012yve,
    author = "ATLAS Collaboration",
    collaboration = "ATLAS",
    title = "{Observation of a new particle in the search for the Standard Model Higgs boson with the ATLAS detector at the LHC}",
    eprint = "1207.7214",
    archivePrefix = "arXiv",
    primaryClass = "hep-ex",
    reportNumber = "CERN-PH-EP-2012-218",
    doi = "10.1016/j.physletb.2012.08.020",
    journal = "Phys. Lett. B",
    volume = "716",
    pages = "1--29",
    year = "2012"
}